<record xmlns="http://www.loc.gov/MARC21/slim" xmlns:xsi="http://www.w3.org/2001/XMLSchema-instance" xsi:schemaLocation="http://www.loc.gov/MARC21/slim http://www.loc.gov/standards/marcxml/schema/MARC21slim.xsd">

  <leader>00524nam a2200169Ia 4500</leader>
  <datafield ind1=" " tag="999" ind2=" ">
    <subfield code="c">1296</subfield>
    <subfield code="d">1296</subfield>
  </datafield>
  <controlfield tag="008">170601b2000    us ||||| |||| 00| | spa d</controlfield>
  <datafield ind2=" " ind1=" " tag="090">
    <subfield code="a">04.02.03 </subfield>
    <subfield code="b">1760</subfield>
  </datafield>
  <datafield ind2=" " tag="110" ind1="2">
    <subfield code="9">569</subfield>
    <subfield code="a">UNICEF</subfield>
  </datafield>
  <datafield ind2="0" ind1="1" tag="245">
    <subfield code="a">Igualdad, desarrollo y paz = Equality, development and peace</subfield>
  </datafield>
  <datafield ind2=" " tag="260" ind1=" ">
    <subfield code="a">Nueva York : </subfield>
    <subfield code="b">UNICEF. División de comunicaciones, </subfield>
    <subfield code="c">2000</subfield>
  </datafield>
  <datafield ind1=" " tag="300" ind2=" ">
    <subfield code="a">36 páginas</subfield>
  </datafield>
  <datafield ind1="1" tag="650" ind2="4">
    <subfield code="a">DISCRIMINACIÓN BASADA EN EL GÉNERO </subfield>
    <subfield code="9">896</subfield>
  </datafield>
  <datafield tag="650" ind1="1" ind2="4">
    <subfield code="9">956</subfield>
    <subfield code="a">IGUALDAD DE GÉNERO </subfield>
  </datafield>
  <datafield ind2="4" tag="650" ind1="1">
    <subfield code="a">MUJERES</subfield>
    <subfield code="9">55</subfield>
  </datafield>
  <datafield ind2="4" ind1="1" tag="650">
    <subfield code="a">NIÑAS</subfield>
    <subfield code="9">60</subfield>
  </datafield>
  <datafield ind2=" " ind1=" " tag="942">
    <subfield code="2">z</subfield>
    <subfield code="c">01</subfield>
  </datafield>
</record>